<record><leader>00000cas a22000007a 4500</leader><controlfield tag="001">14690846</controlfield><controlfield tag="008">861108d18751875nvudn ne      0    0eng d</controlfield><datafield ind1=" " ind2=" " tag="010"><subfield code="a">sn 86076444 </subfield></datafield><datafield ind1=" " ind2=" " tag="040"><subfield code="a">NNX</subfield><subfield code="b">eng</subfield><subfield code="c">NNX</subfield><subfield code="d">OCLCQ</subfield></datafield><datafield ind1=" " ind2=" " tag="042"><subfield code="a">msc</subfield></datafield><datafield ind1="0" ind2="4" tag="245"><subfield code="a">The Daily Nevada democrat.</subfield></datafield><datafield ind1=" " ind2=" " tag="260"><subfield code="a">Reno, Nev. :</subfield><subfield code="b">J.C. Dow,</subfield><subfield code="c">1875-</subfield></datafield><datafield ind1=" " ind2=" " tag="300"><subfield code="a">v.</subfield></datafield><datafield ind1=" " ind2=" " tag="310"><subfield code="a">Daily (except Sun.)</subfield></datafield><datafield ind1="0" ind2=" " tag="362"><subfield code="a">Vol. 1, no. 1 (June 30, 1875)-</subfield></datafield><datafield ind1="1" ind2=" " tag="362"><subfield code="a">Ceased in Sept. 1875.</subfield><subfield code="z">Cf. Lingenfelter, R. Newspapers of Nev., 1854-1979.</subfield></datafield><datafield ind1=" " ind2=" " tag="752"><subfield code="a">United States</subfield><subfield code="b">Nevada</subfield><subfield code="c">Washoe</subfield><subfield code="d">Reno.</subfield></datafield></record>